<record><leader>00000cas a22000007a 4500</leader><controlfield tag="001">29583777</controlfield><controlfield tag="008">940106c19uu9999ctuwr ne      0    0eng d</controlfield><datafield ind1=" " ind2=" " tag="010"><subfield code="a">sn 93054170 </subfield></datafield><datafield ind1=" " ind2=" " tag="040"><subfield code="a">CNW</subfield><subfield code="b">eng</subfield><subfield code="c">CNW</subfield><subfield code="d">OCLCQ</subfield></datafield><datafield ind1=" " ind2=" " tag="042"><subfield code="a">msc</subfield></datafield><datafield ind1="0" ind2=" " tag="130"><subfield code="a">Reminder (Vernon, Conn.)</subfield></datafield><datafield ind1="1" ind2="0" tag="245"><subfield code="a">Reminder.</subfield></datafield><datafield ind1=" " ind2=" " tag="260"><subfield code="a">Vernon, Conn. :</subfield><subfield code="b">Reminder Press</subfield></datafield><datafield ind1=" " ind2=" " tag="300"><subfield code="a">v.</subfield></datafield><datafield ind1=" " ind2=" " tag="310"><subfield code="a">Weekly</subfield></datafield><datafield ind1=" " ind2=" " tag="500"><subfield code="a">Published in regional eds.: Rockville ed., South Windsor/East Hartford ed., Windsor ed., Windsor Locks ed., Stafford ed., Manchester ed., Enfield ed.</subfield></datafield><datafield ind1=" " ind2=" " tag="588"><subfield code="a">Description based on: Dec. 21, 1993.</subfield></datafield><datafield ind1=" " ind2="4" tag="651"><subfield code="a">Vernon (Conn.)</subfield><subfield code="v">Newspapers.</subfield></datafield><datafield ind1=" " ind2="4" tag="651"><subfield code="a">Hartford County (Conn.)</subfield><subfield code="v">Newspapers.</subfield></datafield><datafield ind1=" " ind2="4" tag="651"><subfield code="a">Tolland County (Conn.)</subfield><subfield code="v">Newspapers.</subfield></datafield><datafield ind1=" " ind2=" " tag="752"><subfield code="a">United States</subfield><subfield code="b">Connecticut</subfield><subfield code="c">Tolland</subfield><subfield code="d">Vernon.</subfield></datafield><datafield ind1="0" ind2="0" tag="780"><subfield code="t">Rockville reminder</subfield><subfield code="w">(DLC)sn 92051515</subfield><subfield code="w">(OCoLC)26890264</subfield></datafield><datafield ind1="1" ind2=" " tag="029"><subfield code="a">AU@</subfield><subfield code="b">000025908924</subfield></datafield></record>